@ARTICLE{Canny1986, 
	author={J. Canny}, 
	journal={IEEE Transactions on Pattern Analysis and Machine Intelligence}, 
	title={A Computational Approach to Edge Detection}, 
	year={1986}, 
	volume={8}, 
	number={6}, 
	pages={679-698}, 
}

@Book{Stroustrup2013,
	author = {Bjarne Stroustrup},
	title = {The C++ Programming Language},
	publisher = {Addison-Wesley},
	year = {2013},
	edition = {4th},
}

@inproceedings{Kazhdan2006,
	author = {Kazhdan, Michael and Bolitho, Matthew and Hoppe, Hugues},
	title = {Poisson Surface Reconstruction},
	booktitle = {Proceedings of the Fourth Eurographics Symposium on Geometry Processing},
	series = {SGP '06},
	year = {2006},
	location = {Cagliari, Sardinia, Italy},
	pages = {61--70},
	publisher = {Eurographics Association},
} 

@Misc{Vulkan2016,
	author = {{The Khronos Vulkan Working Group}},
	title = {Vulkan 1.0.31 - A Specification},
	howpublished = {Available online: \url{https://www.khronos.org/registry/vulkan/specs/1.0/xhtml/vkspec.html} [Accessed 15/10/2016]},
	year = {2016},
}

@Misc{Hull2016HarvardRef,
	author = {{University of Hull}},
	title = {Harvard Referencing},
	howpublished = {Available online: \url{http://www2.hull.ac.uk/lli/referencing/harvard.html} [Accessed 15/10/2016]},
	year = {2016},
}

