@techreport{UDP,
  title={RFC 768: User datagram protocol},
  author={Postel, Jon},
  year={1980}
}

@techreport{TCP,
  title={RFC 793: Transmission control protocol},
  author={Postel, Jon and others},
  year={1981},
}

@techreport{HTTP,
  title={Hypertext transfer protocol--HTTP/1.1},
  author={Fielding, Roy and Gettys, Jim and Mogul, Jeffrey and Frystyk, Henrik and Masinter, Larry and Leach, Paul and Berners-Lee, Tim},
  year={1999}
}

@misc{FTP,
  title={IETF RFC 959 file transfer protocol: FTP},
  author={Postel, Jon and Reynolds, Joyce},
  year={1985}
}



@techreport{SFTP,
  title={SSH File Transfer Protocol (SFTP)},
  author={Galbraith, J and Saarenmaa, O and Ylonen, T and Lehtinen, S},
  year={2006},
  institution={Internet Draft. http://www. ietf. org/internet-drafts-ietf-secsh-fliexfer-12. txt}
}

@article{evans2011internet,
  title={The internet of things: How the next evolution of the internet is changing everything},
  author={Evans, Dave},
  journal={CISCO white paper},
  volume={1},
  number={2011},
  pages={1--11},
  year={2011}
}

@article{leung2007overview,
  title={An overview of packet reordering in transmission control protocol (TCP): problems, solutions, and challenges},
  author={Leung, Ka-Cheong and Li, Victor OK and Yang, Daiqin},
  journal={IEEE transactions on parallel and distributed systems},
  volume={18},
  number={4},
  year={2007},
  publisher={IEEE}
}

@article{arp2001,
  title={An introduction to arp spoofing},
  author={Whalen, Sean},
  journal={Node99 [Online Document], April},
  year={2001}
}

@article{xiaoming2010denial,
  title={Denial of service (dos) attack with udp flood},
  author={Xiaoming, Li and Sejdini, Valon and Chowdhury, Hasan},
  journal={School of Computer Science, University of Windsor, Canada},
  year={2010}
}

@inproceedings{claffy1993measurement,
  title={Measurement considerations for assessing unidirectional latencies},
  author={Claffy, Kimberly and Polyzos, George C and Braun, Hans-Werner},
  booktitle={Internetworking: Research and Experience},
  year={1993},
  organization={Citeseer}
}

@inproceedings{bolot1993end,
  title={End-to-end packet delay and loss behavior in the Internet},
  author={Bolot, Jean-Chrysotome},
  booktitle={ACM SIGCOMM Computer Communication Review},
  volume={23},
  number={4},
  pages={289--298},
  year={1993},
  organization={ACM}
}

@inproceedings{kempf2011thoughts,
  title={Thoughts on reliability in the internet of things},
  author={Kempf, James and Arkko, Jari and Beheshti, Neda and Yedavalli, Kiran},
  booktitle={Interconnecting smart objects with the Internet workshop},
  volume={1},
  pages={1--4},
  year={2011}
}

@article{share2015desktop,
  title={Desktop Operating System Market Share},
  author={Share, Net Market},
  journal={Fonte http://www. netmarketshare. com/operating-systemmarket-share. aspx},
  year={2015}
}

@book{beck2003test,
  title={Test-driven development: by example},
  author={Beck, Kent},
  year={2003},
  publisher={Addison-Wesley Professional}
}

@book{upton2014raspberry,
  title={Raspberry Pi user guide},
  author={Upton, Eben and Halfacree, Gareth},
  year={2014},
  publisher={John Wiley \& Sons}
}

@article{pi2014raspbian,
  title={Raspbian},
  author={Pi, Raspberry},
  journal={Dosegljivo: https://www. raspberrypi. org/downloads/raspbian/.[Dostopano: 6. 12. 2015]},
  year={2014}
}

@article{murdock1994overview,
  title={Overview of the Debian GNU/Linux system},
  author={Murdock, Ian},
  journal={Linux Journal},
  volume={1994},
  number={6es},
  pages={15},
  year={1994},
  publisher={Belltown Media}
}
%-------------- LANGUAGES ----------------- %
% C++
@book{stroustrup2000c++,
  title={The C++ programming language},
  author={Stroustrup, Bjarne},
  year={2000},
  publisher={Pearson Education India}
}

%Python
@book{van2011python,
  title={The python language reference manual},
  author={Van Rossum, Guido and Drake, Fred L},
  year={2011},
  publisher={Network Theory Ltd.}
}

%C#
@book{hejlsberg2003c,
  title={C\# language specification},
  author={Hejlsberg, Anders and Wiltamuth, Scott and Golde, Peter},
  year={2003},
  publisher={Addison-Wesley Longman Publishing Co., Inc.}
}